% This file was created with JabRef 2.3.1.
% Encoding: UTF-8

@manual{STM_inemo,
  author = {STMicroelectronics},
  title = {STEVAL-MKI062V2, iNEMO (iNErtial MOdule) demonstration board based on MEMS devices and STM32F103RE},
  year = {2010}
}

@manual{STM_protocol,
  author = {STMicroelectronics},
  title = {STEVAL-MKI062V2 communication protocol},
  year = {2011}
}

@manual{Google_ADK_presentation,
  author = {Jeff Brown and Erik Gilling and Mike Lockwood},
  title = {Introducing Android Open Accessories and ADK},
  organization = {Google IO 2011},
  year = {2011}
}

@manual{STM_ADK_presentation,
  author = {David Siorpaes},
  title = {Android ADK updates},
  year = {2011}
}

@manual{max3421e,
  author = {Maxim},
  title = {MAX3421E Datasheet},
  year = {2007}
}

@manual{ttl232r,
  author = {FTDI},
  title = {TTL-232R-PCB, Datasheet},
  year = {2010}
}



